@article{caron_defocus_based_2021,
	title = {Defocus-{Based} {Direct} {Visual} {Servoing}},
	volume = {6},
	issn = {2377-3766, 2377-3774},
	url = {https://ieeexplore.ieee.org/document/9384207/},
	doi = {10.1109/LRA.2021.3067845},
	abstract = {Direct Visual Servoing (DVS) considers pixel brightness directly as input of robot control. Recent DVS variants consider image processing as smoothing or frequency domain transforms, resulting in large convergence domains.},
	language = {en},
	number = {2},
	urldate = {2022-11-02},
	journal = {IEEE Robotics and Automation Letters},
	author = {Caron, Guillaume},
	month = apr,
	year = {2021},
	pages = {4056--4063},
	file = {Caron - 2021 - Defocus-Based Direct Visual Servoing.pdf:/home/belinda-naamani/snap/zotero-snap/common/Zotero/storage/RDFHLBSN/Caron - 2021 - Defocus-Based Direct Visual Servoing.pdf:application/pdf},
}